<collection xmlns="http://www.loc.gov/MARC21/slim"><record><leader>00983nam0 2200253   450</leader><controlfield tag="001">592</controlfield><controlfield tag="003">http://montalegre.opacnet.com/OPAC/default.aspx?ContentAreaControl=ShowRegHoldings.ascx&amp;RegNo=16662</controlfield><controlfield tag="005">20</controlfield><datafield tag="021" ind1=" " ind2=" "><subfield code="a">PT</subfield><subfield code="b">136735/99</subfield></datafield><datafield tag="100" ind1=" " ind2=" "><subfield code="a">20061013d1999----k  y0pory0103    ba</subfield></datafield><datafield tag="101" ind1="0" ind2=" "><subfield code="a">por</subfield></datafield><datafield tag="102" ind1=" " ind2=" "><subfield code="a">PT</subfield></datafield><datafield tag="200" ind1="1" ind2=" "><subfield code="a">Contos Tradicionais de Barroso - Memórias de Tempos Esquecidos</subfield><subfield code="f">José dias Baptista</subfield><subfield code="g">Carlos Dias Tavares</subfield></datafield><datafield tag="210" ind1=" " ind2=" "><subfield code="a">Montalegre</subfield><subfield code="c">Probarroso</subfield><subfield code="d">1999</subfield></datafield><datafield tag="215" ind1=" " ind2=" "><subfield code="a">190 p.</subfield><subfield code="d">21</subfield></datafield><datafield tag="606" ind1=" " ind2=" "><subfield code="a">Literatura transmontana</subfield><subfield code="2">Autoridade</subfield><subfield code="3">PT-----------2013112515390005976</subfield></datafield><datafield tag="608" ind1=" " ind2=" "><subfield code="a">Conto</subfield><subfield code="2">Autoridade</subfield><subfield code="3">PT9999-00-10-2009040123590005380</subfield></datafield><datafield tag="675" ind1=" " ind2=" "><subfield code="a">008(469.202)</subfield></datafield><datafield tag="675" ind1=" " ind2=" "><subfield code="a">821.134.3(469.202)-34</subfield></datafield><datafield tag="700" ind1=" " ind2="1"><subfield code="a">Baptista</subfield><subfield code="b">José Dias</subfield><subfield code="f">1941-</subfield></datafield><datafield tag="702" ind1=" " ind2="1"><subfield code="a">Tavares</subfield><subfield code="b">Carlos Dias</subfield><subfield code="4">410 [Desenhador artístico]</subfield></datafield><datafield tag="801" ind1=" " ind2="0"><subfield code="a">PT</subfield><subfield code="b">Biblioteca Municipal de Montalegre</subfield><subfield code="g">RPC</subfield></datafield><datafield tag="856" ind1=" " ind2=" "><subfield code="u">locateMedia.asp?cod=20060519103156&amp;ext=jpg</subfield><subfield code="z">CAPA</subfield></datafield><datafield tag="909" ind1="&#9;" ind2=" "><subfield code="a">2</subfield></datafield><datafield tag="966" ind1=" " ind2=" "><subfield code="a">0015603</subfield><subfield code="l">BMM</subfield><subfield code="s">SCG 008(469.202) BAP con</subfield></datafield><datafield tag="966" ind1=" " ind2=" "><subfield code="a">0015290</subfield><subfield code="l">BMM</subfield><subfield code="s">SCG 821.134.3(469.202)-34 BAP con</subfield></datafield></record></collection>